<record><leader>00000cas a22000007a 4500</leader><controlfield tag="001">35908587</controlfield><controlfield tag="008">961113c19uu9999iauwr ne      0   a0eng c</controlfield><datafield ind1=" " ind2=" " tag="010"><subfield code="a">sn 96006920 </subfield></datafield><datafield ind1=" " ind2=" " tag="040"><subfield code="a">NSD</subfield><subfield code="b">eng</subfield><subfield code="c">NSD</subfield><subfield code="d">OCLCQ</subfield></datafield><datafield ind1=" " ind2=" " tag="012"><subfield code="m">1</subfield></datafield><datafield ind1="1" ind2=" " tag="022"><subfield code="a">1091-6393</subfield><subfield code="l">1091-6393</subfield><subfield code="2">1</subfield></datafield><datafield ind1=" " ind2=" " tag="032"><subfield code="a">001954</subfield><subfield code="b">USPS</subfield></datafield><datafield ind1=" " ind2=" " tag="037"><subfield code="b">Narcisse Printing and Pub., 1228 2nd Avenue, Des Moines, IA 50314-3105</subfield></datafield><datafield ind1=" " ind2=" " tag="042"><subfield code="a">nsdp</subfield><subfield code="a">pcc</subfield></datafield><datafield ind1=" " ind2="0" tag="222"><subfield code="a">Greater metropolitan news Johnston news</subfield></datafield><datafield ind1="0" ind2="0" tag="245"><subfield code="a">Greater metropolitan news Johnston news.</subfield></datafield><datafield ind1="3" ind2="0" tag="246"><subfield code="a">Johnston news</subfield></datafield><datafield ind1=" " ind2=" " tag="260"><subfield code="a">Des Moines, IA :</subfield><subfield code="b">Narcisse Print. and Pub.</subfield></datafield><datafield ind1=" " ind2=" " tag="300"><subfield code="a">v.</subfield></datafield><datafield ind1=" " ind2=" " tag="310"><subfield code="a">Weekly</subfield></datafield><datafield ind1=" " ind2=" " tag="588"><subfield code="a">Description based on: Vol. 11, no. 26 (Oct. 5, 1996).</subfield></datafield></record>